<?xml version="1.0" encoding="UTF-8"?><collection xmlns="http://www.loc.gov/MARC21/slim"><record><leader>00429nam--2200181-u-4500</leader><controlfield tag="001">000051123</controlfield><controlfield tag="002">20161230</controlfield><controlfield tag="005">20161230201049</controlfield><controlfield tag="008">080520s1000------------r-----000-0-eng-d</controlfield><datafield ind1=" " ind2=" " tag="040"><subfield code="a">IFIN-HH</subfield></datafield><datafield ind1=" " ind2=" " tag="080"><subfield code="a">512.831</subfield></datafield><datafield ind1="1" ind2=" " tag="100"><subfield code="a">Cahen, Gilbert</subfield></datafield><datafield ind1="1" ind2=" " tag="245"><subfield code="a">Elements de calcul matriciel</subfield></datafield><datafield ind1=" " ind2=" " tag="260"><subfield code="a">Paris</subfield><subfield code="b">Dunod</subfield><subfield code="c">1959</subfield></datafield><datafield ind1=" " ind2=" " tag="300"><subfield code="a">104 p</subfield></datafield><datafield ind1="1" ind2=" " tag="700"><subfield code="a">Gilbert Cahen</subfield></datafield><datafield ind1=" " ind2=" " tag="852"><subfield code="a">14455</subfield><subfield code="c">512.831</subfield></datafield><datafield ind1=" " ind2=" " tag="CAT"><subfield code="a">Sys</subfield><subfield code="c">20080520</subfield><subfield code="h">145456</subfield></datafield></record></collection>